% This file was created with Citavi 6.6.0.0

@book{Draxler.2014,
 abstract = {Die praktische Umwelt-, thermische und allgemeine Verfahrenstechnik erfordern Erfahrung und {\"U}bung. Beides kann anhand der umfangreichen Beispiele in diesem Buch erlangt werden. Zuerst werden die wichtigsten Gesetzm{\"a}{\ss}igkeiten aus allen Gebieten der Verfahrenstechnik (Thermodynamik, Impulsaustausch, Trennverfahren, Reaktionskinetik) dargestellt, erkl{\"a}rt und beschrieben. Anschlie{\ss}end an die Einf{\"u}hrungen laden ca. 500 Beispiele von praktischer Bedeutung mit Aufgabenstellung und Hinweisen f{\"u}r den L{\"o}sungsweg zum Selbststudium und zur eigenst{\"a}ndigen Wissensvertiefung ein. Vielfach sind die Ergebnisse angegeben und erm{\"o}glichen so die Kontrolle des eigenen Wissensstandes. Durch die praxisnahen Beispiele kann das Buch auch nach dem Studium, im Berufsleben und gestandenen Praktikern eine wertvolle Hilfe, Nachschlagewerk und Anregungsgeber sein. Der Inhalt Thermodynamik I (Grundbegriffe, ideale Systeme) Stoff-, W{\"a}rme- Impulsaustausch I (Grundlagen) Bilanzen (Massen-, Energie-, Impulsbilanzen, Entropiebilanzen) Druckverlust Partikelmerkmale, Partikeltrennverfahren Thermische Trennverfahren I (ideale Systeme) W{\"a}ssrige L{\"o}sungen Chemische Reaktionskinetik, Reaktionstechnik Thermodynamik II (reale Systeme) Stoff- W{\"a}rmeaustausch II (numerische L{\"o}sungen) Thermische Trennverfahren II (reale Systeme) Die Zielgruppe Studierende der Verfahrenstechnik, Umweltverfahrenstechnik und des Chemieingenieurwesens Studierende artverwandter Studieng{\"a}nge Praktiker und Dozenten auf der Suche nach Anregungen Die Autoren ao. Prof. Dr. Josef Draxler ist Dozent am Institut f{\"u}r Verfahrenstechnik des Industriellen Umweltschutzes an der Montanuniversit{\"a}t Leoben. Prof. Dr. Matth{\"a}us Siebenhofer leitet das Institut f{\"u}r chemische Verfahrenstechnik und Umwelttechnik an der Technischen Universit{\"a}t Graz},
 author = {Draxler, Josef and Siebenhofer, Matth{\"a}us},
 year = {2014},
 title = {Verfahrenstechnik in Beispielen: Problemstellungen, L{\"o}sungsans{\"a}tze, Rechenwege},
 address = {Wiesbaden},
 publisher = {{Springer Vieweg}},
 isbn = {9783658027407},
 doi = {10.1007/978-3-658-02740-7}
}


@booklet{Jaeck.12.10.2020,
 abstract = {Tabelle mit dem Sauerstoffgehalt von von reinem Wasser bei verschiedenen Temperaturen.},
 author = {Jaeck, Andreas},
 year = {12.10.2020},
 title = {Sauerstoffgehalt Wasser},
 url = {https://www.internetchemie.info/chemie-lexikon/daten/s/sauerstoffgehalt-wasser.php},
 lastchecked = {2020-10-12}
}


@booklet{lubw.12.10.2020,
 author = {{Landesanstalt f{\"u}r Umwelt Baden-W{\"u}rttemberg}},
 year = {12.10.2020},
 title = {Zusammensetzung der Luft},
 url = {https://www.lubw.baden-wuerttemberg.de/luft/zusammensetzung-der-luft},
 lastchecked = {2020-10-12}
}


@misc{Rounds.2006,
 author = {Rounds, Stewart A. and Wilde, Franceska D. and Ritz, George F.},
 date = {2006},
 title = {Chapter A6. Section 6.2. Dissolved oxygen},
 url = {http://pubs.er.usgs.gov/publication/twri09A6.2},
 address = {Reston, VA},
 edition = {Version 2.1},
 number = {09-A6.2},
 series = {Techniques of Water-Resources Investigations},
 doi = {10.3133/twri09A6.2}
}


@booklet{rvt_ruehrer.2020,
 abstract = {RVT R{\"u}hrorgane R{\"u}hrer},
 author = {{RVT R{\"U}HR- {\&} VERFAHRENSTECHNIK}},
 year = {2020},
 title = {R{\"u}hrorgane},
 url = {https://www.rvt-systeme.de/de/produkte/ruehrorgane.html},
 lastchecked = {2020-10-12}
}


