% This file was created with Citavi 6.6.0.0

@book{ROMPPRedaktion.2002b,
 author = {R{\"O}MPP-Redaktion},
 year = {2002},
 title = {Schmelzpunkt},
 url = {https://roempp.thieme.de/lexicon/RD-19-01058},
 publisher = {{Thieme Gruppe}}
}


@booklet{Wikipedia.2019,
 abstract = {Die Bromnitrobenzole bilden in der Chemie eine Stoffgruppe, die sich sowohl vom Nitrobenzol als auch vom Brombenzol ableitet. Die Struktur besteht aus einem Benzolring mit angef{\"u}gter Nitrogruppe (--NO2) und Brom (--Br) als Substituenten. Durch deren unterschiedliche Anordnung ergeben sich drei Konstitutionsisomere mit der Summenformel C6H4BrNO2.},
 editor = {Wikipedia},
 year = {2019},
 title = {Bromnitrobenzole},
 url = {https://de.wikipedia.org/w/index.php?title=Bromnitrobenzole&oldid=188747311},
 lastchecked = {2020-11-24},
 file = {52631bf4-c26d-4fe6-a134-1645d244b652:C\:\\Users\\User\\AppData\\Local\\Swiss Academic Software\\Citavi 6\\ProjectCache\\upkiltvcr9ugrs2eoskhldv6rva0rrnhthqmhtr\\Citavi Attachments\\52631bf4-c26d-4fe6-a134-1645d244b652.pdf:pdf}
}


