% This file was created with Citavi 6.7.0.0

@booklet{dichte.Wikipedia.2020b,
 abstract = {Die Luftdichte \textgreek{r} (auch Dichte von Luft oder Dichte der Luft) gibt an, welche Masse Luft in einem bestimmten Volumen enthalten ist. Auf Meeresspiegelh{\"o}he ist die Luft mit rund 1,2041 kg/m$^3$ bei 20 °C durch die dar{\"u}ber lastende Luftmasse st{\"a}rker zusammengedr{\"u}ckt als in gr{\"o}{\ss}erer H{\"o}he: Die Luft ist also im Verh{\"a}ltnis dichter.},
 editor = {Wikipedia},
 year = {2020},
 title = {Luftdichte},
 url = {https://de.wikipedia.org/w/index.php?title=Luftdichte&oldid=204573127},
 lastchecked = {2020-11-19},
 file = {e5f0ea80-6082-4b72-82e3-76dd8ce1938b:C\:\\Users\\User\\AppData\\Local\\Swiss Academic Software\\Citavi 6\\ProjectCache\\upkiltvcr9ugrs2eoskhldv6rva0rrnhthqmhtr\\Citavi Attachments\\e5f0ea80-6082-4b72-82e3-76dd8ce1938b.pdf:pdf}
}


@booklet{druck.Wikipedia.2020c,
 abstract = {Der S{\"a}ttigungsdampfdruck (auch Gleichgewichtsdampfdruck) eines Stoffes ist der Druck, bei dem der gasf{\"o}rmige Aggregatzustand sich mit dem fl{\"u}ssigen oder festen Aggregatzustand im Gleichgewicht befindet. Der S{\"a}ttigungsdampfdruck ist von der Temperatur abh{\"a}ngig.

Die S{\"a}ttigungsdampfdruckkurve (S{\"a}ttigungsdampfdrucklinie, Dampfdruckkurve, Dampfdrucklinie) beschreibt den S{\"a}ttigungsdampfdruck in Abh{\"a}ngigkeit von der Temperatur. Sie entspricht der Phasengrenzlinie der gasf{\"o}rmigen Phase im Phasendiagramm.

Achtung: In der Chemie wird {\"u}blicherweise der S{\"a}ttigungsdampfdruck mit {\glqq}Dampfdruck{\grqq} abgek{\"u}rzt. Hier ist die Gefahr gro{\ss}, dass man den Begriff des S{\"a}ttigungsdampfdruckes mit dem des Partialdrucks verwechselt. Deshalb wird der Begriff {\glqq}Dampfdruck{\grqq} hier nicht verwendet.},
 editor = {Wikipedia},
 year = {2020},
 title = {S{\"a}ttigungsdampfdruck},
 url = {https://de.wikipedia.org/w/index.php?title=Sättigungsdampfdruck&oldid=201831952},
 lastchecked = {2020-11-19},
 file = {d5f36e20-ef40-421e-b034-d95c3e78d5b1:C\:\\Users\\User\\AppData\\Local\\Swiss Academic Software\\Citavi 6\\ProjectCache\\upkiltvcr9ugrs2eoskhldv6rva0rrnhthqmhtr\\Citavi Attachments\\d5f36e20-ef40-421e-b034-d95c3e78d5b1.pdf:pdf}
}


@misc{mollier.2020,
 author = {{Falko Ziller}},
 year = {2020},
 title = {Mollier hx-Diagramm},
 url = {https://www.ilkdresden.de/fileadmin/user_upload/Artikel/2008/hx/ILK_hx-Diagramm_01.xls},
 lastchecked = {2020-11-19},
 publisher = {{ILK Dresden}}
}


