% This file was created with Citavi 6.6.0.0

@book{Berger.2017,
 author = {Berger, Andrea and Hartmann-Schreier, Jenny},
 year = {2017},
 title = {Eugenol},
 url = {https://roempp.thieme.de/lexicon/RD-05-02145},
 publisher = {{Thieme Gruppe}}
}


@book{Krammer.2003,
 author = {Krammer, Gerhard},
 year = {2003},
 title = {Nelken{\"o}le},
 url = {https://roempp.thieme.de/lexicon/RD-14-00705},
 publisher = {{Thieme Gruppe}}
}


