% This file was created with Citavi 6.8.0.0

@booklet{phenylacetylen_chemspider,
 abstract = {Structure, properties, spectra, suppliers and links for: Phenylacetylene, 536-74-3, 126716-66-3.},
 author = {ChemSpider.com},
 year = {18.03.2021},
 title = {Phenylacetylene},
 url = {http://www.chemspider.com/Chemical-Structure.10364.html?rid=659c16a5-0cc2-4133-97f0-a159f5dc75e8},
 urldate = {2021-03-18}
}


