% This file was created with Citavi 6.8.0.0

@book{Luminol_Rompp,
 author = {R{\"O}MPP-Redaktion and Wagner-Klemmer, Christa},
 year = {2019},
 title = {Luminol},
 url = {https://roempp.thieme.de/lexicon/RD-12-01751},
 urldate = {17.03.2021},
 publisher = {{Thieme Gruppe}}
}


@article{Sabnis.2009,
 abstract = {Abstract The article contains sections titled: 1. Introduction 2. pH Indicators 2.1. Theory 2.2. Errors 2.3. Color--Change Transition 2.4. Classification 2.4.1. Azo pH Indicators 2.4.2. Nitro pH Ind...},
 author = {Sabnis, Ram W. and Ross, Erwin and K{\"o}the, Jutta and Naumann, Renate and Fischer, Wolfgang and Mayer, Wilhelm-Dietrich and Wieland, Gerhard and Newman, Ernest J. and Wilson, Charles M.},
 year = {2009},
 title = {Indicator Reagents},
 url = {https://onlinelibrary.wiley.com/doi/full/10.1002/14356007.a14_127.pub2},
 issn = {1435-6007},
 journal = {Ullmann's Encyclopedia of Industrial Chemistry},
 doi = {10.1002/14356007.a14{\textunderscore }127.pub2},
 file = {27139a23-63f9-431c-9faa-14fbd972a9d1:C\:\\Users\\Studium\\AppData\\Local\\Swiss Academic Software\\Citavi 6\\ProjectCache\\upkiltvcr9ugrs2eoskhldv6rva0rrnhthqmhtr\\Citavi Attachments\\27139a23-63f9-431c-9faa-14fbd972a9d1.pdf:pdf}
}


